@software{antonovSnskorpion2DezibotLabyrinthSolver2025,
  title = {Snskorpion2/Dezibot-{{LabyrinthSolver}}},
  author = {Antonov, Vladislav and Mager, Max},
  date = {2025-02-07T09:55:02Z},
  origdate = {2024-11-04T15:15:34Z},
  url = {https://github.com/snskorpion2/dezibot-LabyrinthSolver},
  urldate = {2025-03-16}
}

@standard{bluetoothsigincBluetoothCoreSpecification2019,
  title = {Bluetooth {{Core Specification}} v5.1},
  author = {{Bluetooth SIG, Inc}},
  date = {2019-01-21},
  url = {https://www.bluetooth.org/docman/handlers/downloaddoc.ashx?doc_id=457080},
  langid = {american},
  version = {5.1}
}

@software{dezibotteamDezibotDezibot2025,
  title = {Dezibot/Dezibot},
  author = {{Dezibot Team}},
  date = {2025-01-25T08:07:45Z},
  origdate = {2024-07-02T13:41:15Z},
  url = {https://github.com/dezibot/dezibot},
  urldate = {2025-01-27},
  organization = {DEZIBOT}
}

@online{espressifsystemsshanghaico.ltdFTMExample2024,
  title = {{{FTM Example}}},
  author = {{Espressif Systems (Shanghai) Co., Ltd}},
  date = {2024-11-20},
  url = {https://github.com/espressif/esp-idf/tree/1c92945f598bd589a1b14dcfe5fd7b62f7d937b0/examples/wifi/ftm},
  urldate = {2025-03-10},
  langid = {english},
  organization = {GitHub}
}

@online{espressifsystemsshanghaico.ltdMajorFeatureSupport2024,
  title = {Major {{Feature Support Status}} - {{ESP32}}},
  author = {{Espressif Systems (Shanghai) Co., Ltd}},
  date = {2024-10-10},
  url = {https://github.com/espressif/esp-idf/blob/v5.2.5/docs/en/api-guides/ble/ble-feature-support-status.rst},
  urldate = {2025-03-10},
  organization = {ESP-IDF Programming Guide v5.2.5 documentation}
}

@online{ewaldIRFernbedienungen2019,
  title = {IR Fernbedienungen},
  author = {Ewald, Wolfgang},
  date = {2019-12-10T22:53:34+00:00},
  url = {https://wolles-elektronikkiste.de/ir-fernbedienungen},
  urldate = {2025-03-10},
  langid = {ngerman},
  organization = {Wolles Elektronikkiste}
}

@article{fingerleDokumentationDezibot42025,
  title = {Dokumentation des Dezibot4},
  author = {Fingerle, Chris-Dominik and Wilfer, Estelle Bianca},
  date = {2025-03-10},
  langid = {ngerman}
}

@standard{justUSChessFederations2019,
  title = {{{US Chess Federation}}â€™s {{Official Rules}} of {{Chess}}},
  namea = {Just, Tim},
  nameatype = {collaborator},
  date = {2019-07-19},
  publisher = {The United States Chess Federation},
  url = {https://www.uschess.org/docs/gov/chessrules/US_Chess_Rule_Book-Online_Only_Edition_v7.1-1.2.11-7.19.19.pdf},
  urldate = {2025-03-12},
  version = {7.1}
}

@online{matplotlibdevelopmentteamScaleInvariantAngle,
  title = {Scale Invariant Angle Label},
  author = {{Matplotlib development team}},
  url = {https://matplotlib.org/stable/gallery/text_labels_and_annotations/angle_annotation.html},
  urldate = {2025-02-09},
  langid = {english},
  organization = {Matplotlib 3.10.0 documentation}
}
